@article{day1993unidirectional,
  title={Unidirectional star graphs},
  author={Day, Khaled and Tripathi, Anand},
  journal={Information Processing Letters},
  volume={45},
  number={3},
  pages={123--129},
  year={1993},
  publisher={Elsevier}
}

@article{boulet2008lollipop,
	title={The lollipop graph is determined by its spectrum},
	author={Boulet, Romain and Jouve, Bertrand},
	journal={arXiv preprint arXiv:0802.1035},
	year={2008}
}

@inproceedings{sabar2009roulette,
	title={Roulette wheel graph colouring for solving examination timetabling problems},
	author={Sabar, Nasser R and Ayob, Masri and Kendall, Graham and Qu, Rong},
	booktitle={International conference on combinatorial optimization and applications},
	pages={463--470},
	year={2009},
	organization={Springer}
}

@book{even2011graph,
	title={Graph algorithms},
	author={Even, Shimon},
	year={2011},
	publisher={Cambridge University Press}
}

@article{kumar2003incremental,
	title={An incremental algorithm for the maximum flow problem},
	author={Kumar, S and Gupta, P},
	journal={Journal of Mathematical Modelling and Algorithms},
	volume={2},
	number={1},
	pages={1--16},
	year={2003},
	publisher={Springer}
}

@article{johnson1977efficient,
	title={Efficient algorithms for shortest paths in sparse networks},
	author={Johnson, Donald B},
	journal={Journal of the ACM (JACM)},
	volume={24},
	number={1},
	pages={1--13},
	year={1977},
	publisher={ACM}
}