
@article{Articulo1,
	author = {CAROLINA RAMIREZ},
	title = {APLICACIONES DE GRAFOS},
	journaltitle = {journaltitle},
	date = {May 25, 2016},	
}

@article{calderonmodelado,
	title={Modelado De Grafos En La Red},
	author={Calderon, Armando de Jesus Ruiz and Perez, Sofia Barron and Canas, Abel Gonzalez and Arias, Daniel Roberto Del Toro and Escudero, Argel Frias}
}

@article{Arbol,
	author = {Jorge J Frias Perles},
	title = {Grafos:Las redes que mueven el mundo},
	journaltitle = {Hablando de Ciencia},
	date = {13 de diciembre del 2012},
}

@article{rifon2009ordenes,
	title={Los ordenes semanticos},
	author={Rifon Sanchez, Antonio},
	year={2009},
	publisher={Universidad de Alicante. Departamento de Filologia Española, Lingustica}
}


@thesis{Tesis,
	author = {Blanca Maria Pozuelo Rollon},
	title = {Juego de policias y ladrones en grafos},
	type = {Tesis de Grado},
	institution = {Universidad Politécnica de Madrid},
	date = {junio,2018},	
}

@article{martinez2007sistema,
	title={Sistema de enseñanza/aprendizaje inteligente para grafos},
	author={Martinez, Natalia and Ferreira, Gheisa and Garcia, Zoila Zenaida},
	year={2007},
	publisher={Comite Latinoamericano de Matematica Educativa AC}
}

@article{werlinger2018aplicacion,
	title={Aplicacion de grafos aciclicos dirigidos en la evaluacion de un set minimo de ajuste de confusores: un complemento al modelamiento estadistico en estudios epidemiologicos observacionales},
	author={Werlinger, Fabiola and Caceres, Dante D},
	journal={Revista medica de Chile},
	volume={146},
	number={7},
	pages={907--913},
	year={2018},
	publisher={Sociedad Medica de Santiago}
}

@phdthesis{carrion2011analisis,
	title={Analisis sobre las nuevas formas de comunicacion a traves de las comunidades virtuales o redes sociales},
	author={CARRION, ESTER MARTOS},
	year={2011}
}


@phdthesis{lopez2015estructuras,
	title={Estructuras metricas en grafos},
	author={Lopez, Maria del Carmen Somoza},
	year={2015},
	school={Universidade de Vigo}
}


@article{sagula2011algoritmo,
	title={ALGORITMO DE BuSQUEDA DE RUTAS CON PREFERENCIAS},
	author={SAGULA, Jorge E and TESEYRA, Rene J},
	year={2011}
}


@article{olivos2009algoritmos,
	title={Algoritmos para caminos minimos},
	author={Olivos Iparraguirre, Johani},
	year={2009},
	publisher={Universidad Nacional de Ingenieria}
}


@article{New,
	author = {Andres Ramos
	Pedro Linares
	Pedro Sanchez
	Angel Sarabia
	Begoña Vitoriano},
	title = {Teoria de Grafos o Redes},
	date = 2016},
}
