@mastersthesis{belviranli2009circular,
	title={A circular layout algorithm for clustered graphs},
	author={Belviranl{\i}, Mehmet Esat},
	year={2009},
	school={bilkent university}
}

@inproceedings{gansner2006improved,
  title={Improved circular layouts},
  author={Gansner, Emden R and Koren, Yehuda},
  booktitle={International Symposium on Graph Drawing},
  pages={386--398},
  year={2006},
  organization={Springer}
}

@article {kamada1989algorithm,
	title = {Un algoritmo para dibujar gr{\'a}ficos generales no dirigidos},
	autor = {Kamada, Tomihisa y Kawai, Satoru y otros},
	journal = {Cartas de procesamiento de informaci{\'o}n},
	volumen = {31},
	número = {1},
	páginas = {7--15},
	año = {1989},
	editor = {Citeseer}
}

@misc{RogueWave,
	author= {Rogue Wave Software},
	year  = {2016},
	title = {Random layout},
	note={\url{https://docs.roguewave.com/visualization/views/6.1/views.html#page/Options%2Flayouts.51.19.html%23}, 
	Last accessed on 2019-02-23},
}

@article{fruchterman1991graph,
	title={Graph drawing by force-directed placement},
	author={Fruchterman, Thomas MJ and Reingold, Edward M},
	journal={Software: Practice and experience},
	volume={21},
	number={11},
	pages={1129--1164},
	year={1991},
	publisher={Wiley Online Library}
}

@article{brandes2007dynamic,
	title={Dynamic spectral layout with an application to small worlds},
	author={Brandes, Ulrik and Fleischer, Daniel and Puppe, Thomas},
	journal={Journal of Graph Algorithms and Applications},
	volume={11},
	number={2},
	pages={325--343},
	year={2007}
}

@inproceedings{ito2010drawing,
	title={Drawing clustered bipartite graphs in multi-circular style},
	author={Ito, Takao and Misue, Kazuo and Tanaka, Jiro},
	booktitle={2010 14th International Conference Information Visualisation},
	pages={23--28},
	year={2010},
	organization={IEEE}
}

@misc{networkx,
	author= {NetworkX},
	year  = {2018},
	title = {Source code for networkx.drawing.layout},
	note  = {\url{https://networkx.github.io/documentation/latest/_modules/networkx/drawing/layout.html}, 
	Last accessed on 2019-02-13},
}

@book{cherven2015mastering,
	title={Mastering Gephi network visualization},
	author={Cherven, Ken},
	year={2015},
	publisher={Packt Publishing Ltd}
}


@mastersthesis{huck2014posicionamiento,
	title={Posicionamiento autom{\'a}tico de etiquetas en grafos},
	author={Huck, Gerardo},
	type={{B.S.} thesis},
	year={2014},
	school={Facultad de Ciencias Exactas, Ingenier{\'\i}a y Agrimensura. Universidad Nacional~…}
}

@article{journal.pone.0098679,
	author = {Jacomy, Mathieu and Venturini, Tommaso and Heymann, Sebastien and Bastian, Mathieu},
	journal = {PLOS ONE},
	publisher = {Public Library of Science},
	title = {ForceAtlas2, a Continuous Graph Layout Algorithm for Handy Network Visualization Designed for the Gephi Software},
	year = {2014},
	month = {06},
	volume = {9},
	url = {https://doi.org/10.1371/journal.pone.0098679},
	pages = {1-12},
	number = {6},
}

